@BOOK{kn:gnus,
	AUTHOR = "Donald E. Knudson"
	TITLE = "1966 Wold Gnus Almanac"
	PUBLISHER = {Permafrost Press}
%	ADDRESS = {Novosibirsk}

}

@book {MR1997306,
    AUTHOR = {Hall, Brian C.},
     TITLE = {Lie groups, {L}ie algebras, and representations},
    SERIES = {Graduate Texts in Mathematics},
    VOLUME = {222},
      NOTE = {An elementary introduction},
 PUBLISHER = {Springer-Verlag},
   ADDRESS = {New York},
      YEAR = {2003},
     PAGES = {xiv+351},
      ISBN = {            0-387-40122-9      },
   MRCLASS = {22-01 (17-01)},
  MRNUMBER = {1997306 (2004i:22001)},
MRREVIEWER = {K. Strambach},
}

@book {MR0235065,
    AUTHOR = {Hausner, Melvin and Schwartz, Jacob T.},
     TITLE = {Lie groups; {L}ie algebras},
 PUBLISHER = {Gordon and Breach Science Publishers},
   ADDRESS = {New York},
      YEAR = {1968},
     PAGES = {x+229},
   MRCLASS = {22.50},
  MRNUMBER = {0235065 (38 \#3377)},
MRREVIEWER = {N. R. Wallach},
}

%pages I actually used: 49-52 (real proj plane), 58-62(projective transformations and fundamental theorem of projective geometry)
@book {MR2791970,
    AUTHOR = {Richter-Gebert, J{\"u}rgen},
     TITLE = {Perspectives on projective geometry},
      NOTE = {A guided tour through real and complex geometry},
 PUBLISHER = {Springer},
   ADDRESS = {Heidelberg},
      YEAR = {2011},
     PAGES = {xxii+571},
      ISBN = {978-3-642-17285-4},
   MRCLASS = {51-01 (05B25 51A05 51A25 51M05 51M10 51M25)},
  MRNUMBER = {2791970 (2012e:51001)},
MRREVIEWER = {Hans Havlicek},
       DOI = {10.1007/978-3-642-17286-1},
       URL = {http://dx.doi.org/10.1007/978-3-642-17286-1},
}

@article {compmathLalg,
 AUTHOR = {Benjumea, J.C., Echarte, F.J., N\'u\~nez, J and Tenorio, A.F.},
     TITLE = {A Method to Obtain the Lie Group Associated with a Nilpotent Lie Algebra},
   
  FJOURNAL = {Computers and Mathematics with Applications},
    VOLUME = {51},
      YEAR = {2006},
     PAGES = {1493--1506},
       URL = {http://www.sciencedirect.com/science/article/pii/S0898122106000964},



}

@article {MR1510050,
    AUTHOR = {Darboux, M. G.},
     TITLE = {Sur le th\'eor\`eme fondamental de la g\'eom\'etrie
              projective},
   JOURNAL = {Math. Ann.},
  FJOURNAL = {Mathematische Annalen},
    VOLUME = {17},
      YEAR = {1880},
    NUMBER = {1},
     PAGES = {55--61},
      ISSN = {0025-5831},
     CODEN = {MAANA},
   MRCLASS = {Contributed Item},
  MRNUMBER = {1510050},
       DOI = {10.1007/BF01444119},
       URL = {http://dx.doi.org/10.1007/BF01444119},
}

@incollection {MR2090772,
    AUTHOR = {Spatzier, R. J.},
     TITLE = {An invitation to rigidity theory},
 BOOKTITLE = {Modern dynamical systems and applications},
     PAGES = {211--231},
 PUBLISHER = {Cambridge Univ. Press},
   ADDRESS = {Cambridge},
      YEAR = {2004},
   MRCLASS = {53C24 (22E40 37C85)},
  MRNUMBER = {2090772 (2006a:53041)},
MRREVIEWER = {David Michael Fisher},
}

@book {MR0385004,
    AUTHOR = {Mostow, G. D.},
     TITLE = {Strong rigidity of locally symmetric spaces},
      NOTE = {Annals of Mathematics Studies, No. 78},
 PUBLISHER = {Princeton University Press},
   ADDRESS = {Princeton, N.J.},
      YEAR = {1973},
     PAGES = {v+195},
   MRCLASS = {22E40 (53C35)},
  MRNUMBER = {0385004 (52 \#5874)},
MRREVIEWER = {M. S. Raghunathan},
}


@book {MR746308,
    AUTHOR = {Varadarajan, V. S.},
     TITLE = {Lie groups, {L}ie algebras, and their representations},
    SERIES = {Graduate Texts in Mathematics},
    VOLUME = {102},
      NOTE = {Reprint of the 1974 edition},
 PUBLISHER = {Springer-Verlag},
   ADDRESS = {New York},
      YEAR = {1984},
     PAGES = {xiii+430},
      ISBN = {            0-387-90969-9      },
   MRCLASS = {22-01 (17-01)},
  MRNUMBER = {746308 (85e:22001)},
}

@book {MR0346831,
    AUTHOR = {Matsushima, Yozo},
     TITLE = {Differentiable manifolds},
    SERIES = {Pure and Applied Mathematics},
    VOLUME = {9},
      NOTE = {Translated from the Japanese by E. T. Kobayashi},
 PUBLISHER = {Marcel Dekker Inc.},
   ADDRESS = {New York},
      YEAR = {1972},
     PAGES = {vii+303},
   MRCLASS = {58A05},
  MRNUMBER = {0346831 (49 \#11553)},
MRREVIEWER = {O. Kowalski},
}